<record><leader>00000cas a2200000 a 4500</leader><controlfield tag="001">16402270</controlfield><controlfield tag="008">870807d198619uuiluwr ne      0   a0eng c</controlfield><datafield ind1=" " ind2=" " tag="010"><subfield code="a">sn 87001471 </subfield></datafield><datafield ind1=" " ind2=" " tag="040"><subfield code="a">NSD</subfield><subfield code="b">eng</subfield><subfield code="c">NSD</subfield><subfield code="d">NVF</subfield><subfield code="d">NSD</subfield><subfield code="d">OCLCQ</subfield><subfield code="d">NVF</subfield><subfield code="d">OCLCO</subfield><subfield code="d">NVF</subfield><subfield code="d">OCLCF</subfield></datafield><datafield ind1=" " ind2=" " tag="012"><subfield code="j">0</subfield><subfield code="l">1</subfield><subfield code="m">d</subfield></datafield><datafield ind1="1" ind2=" " tag="022"><subfield code="a">0895-0091</subfield><subfield code="l">0895-0091</subfield><subfield code="2">1</subfield></datafield><datafield ind1="1" ind2=" " tag="029"><subfield code="a">AU@</subfield><subfield code="b">000025817020</subfield></datafield><datafield ind1=" " ind2=" " tag="037"><subfield code="b">Des Plaines Pub. Co., 1000 Executive Way, Des Plaines, IL 60018</subfield></datafield><datafield ind1=" " ind2=" " tag="042"><subfield code="a">pcc</subfield></datafield><datafield ind1=" " ind2=" " tag="043"><subfield code="a">n-us-il</subfield></datafield><datafield ind1=" " ind2="0" tag="222"><subfield code="a">Edison-Norwood edition of the Times review</subfield></datafield><datafield ind1="0" ind2="0" tag="245"><subfield code="a">Edison-Norwood edition of the Times review.</subfield></datafield><datafield ind1="1" ind2="0" tag="246"><subfield code="a">Edison Norwood Times review</subfield></datafield><datafield ind1="1" ind2="3" tag="246"><subfield code="a">Times review</subfield></datafield><datafield ind1="3" ind2=" " tag="246"><subfield code="a">Edison Norwood edition of the Times review</subfield></datafield><datafield ind1=" " ind2=" " tag="260"><subfield code="a">Des Plaines, IL :</subfield><subfield code="b">Des Plaines Pub. Co.</subfield></datafield><datafield ind1=" " ind2=" " tag="300"><subfield code="a">v.</subfield></datafield><datafield ind1=" " ind2=" " tag="310"><subfield code="a">Weekly</subfield></datafield><datafield ind1="1" ind2=" " tag="362"><subfield code="a">Began in Aug. 1986?</subfield></datafield><datafield ind1=" " ind2=" " tag="588"><subfield code="a">Description based on: Vol. 51, no. 27 (July 8, 1987).</subfield></datafield><datafield ind1=" " ind2=" " tag="588"><subfield code="a">Latest issue consulted: Vol. 51, no. 27 (July 8, 1987).</subfield></datafield><datafield ind1=" " ind2="0" tag="650"><subfield code="a">Community newspapers</subfield><subfield code="z">Illinois</subfield><subfield code="z">Des Plaines.</subfield></datafield><datafield ind1=" " ind2="0" tag="651"><subfield code="a">Edison Park (Chicago, Ill.)</subfield><subfield code="v">Newspapers.</subfield></datafield><datafield ind1=" " ind2="0" tag="651"><subfield code="a">Norwood Park (Chicago, Ill.)</subfield><subfield code="v">Newspapers.</subfield></datafield><datafield ind1=" " ind2="7" tag="655"><subfield code="a">Newspapers.</subfield><subfield code="2">fast</subfield><subfield code="0">(OCoLC)fst01423814</subfield></datafield><datafield ind1=" " ind2="7" tag="650"><subfield code="a">Community newspapers.</subfield><subfield code="2">fast</subfield><subfield code="0">(OCoLC)fst00871103</subfield></datafield><datafield ind1=" " ind2="7" tag="651"><subfield code="a">Illinois</subfield><subfield code="z">Chicago</subfield><subfield code="z">Edison Park.</subfield><subfield code="2">fast</subfield><subfield code="0">(OCoLC)fst01926120</subfield></datafield><datafield ind1=" " ind2="7" tag="651"><subfield code="a">Illinois</subfield><subfield code="z">Chicago</subfield><subfield code="z">Norwood Park.</subfield><subfield code="2">fast</subfield><subfield code="0">(OCoLC)fst01328253</subfield></datafield><datafield ind1=" " ind2="7" tag="651"><subfield code="a">Illinois</subfield><subfield code="z">Des Plaines.</subfield><subfield code="2">fast</subfield><subfield code="0">(OCoLC)fst01210719</subfield></datafield><datafield ind1=" " ind2=" " tag="752"><subfield code="a">United States</subfield><subfield code="b">Illinois</subfield><subfield code="c">Cook</subfield><subfield code="d">Des Plaines.</subfield></datafield><datafield ind1="0" ind2="0" tag="780"><subfield code="t">Edison-Norwood review</subfield><subfield code="w">(DLC)  2014271502</subfield><subfield code="w">(OCoLC)672352670</subfield></datafield><datafield ind1="0" ind2="0" tag="785"><subfield code="t">Edison-Norwood Times review</subfield><subfield code="x">1087-5328</subfield><subfield code="w">(DLC)sn 96003232</subfield><subfield code="w">(OCoLC)34345374</subfield></datafield><datafield ind1="0" ind2=" " tag="787"><subfield code="t">Edgebrook edition of the Times review</subfield><subfield code="x">0895-0105</subfield><subfield code="w">(DLC)sn 87001480</subfield><subfield code="w">(OCoLC)16402294</subfield></datafield><datafield ind1="0" ind2=" " tag="787"><subfield code="t">Des Plaines times</subfield><subfield code="w">(DLC)sn 83009328</subfield><subfield code="w">(OCoLC)9528645</subfield></datafield></record>